@article{p1,
title = {Broad-band microwave measurements with transient radiation from optoelectronically pulsed antennas},
author = {Arjavalingam, G and Pastol, Yvon and Halbout, J-M and Kopcsay, Gerard V},
journal = {IEEE Trans. Microw. Theory Techn.},
year = {1990},
number = {5},
volume = {38},
publisher = {IEEE},
}

@article{p2,
  title                    = {Electron and hole mobilities in silicon as a function of concentration and temperature},
  author                   = {Arora, Narain D and Hauser, John R and Roulston, David J},
  journal                  = {IEEE Trans. Electron Devices},
  year                     = {1982},
  number                   = {2},
  volume                   = {29},
  publisher                = {IEEE},
}

@book{b1,
    title={The Principles of Quantum Mechanics},
    author={Paul Adrien Maurice Dirac},
    isbn={9780198520115},
    series={International series of monographs on physics},
    year={1981},
    publisher={Clarendon Press},
}

@online{w1,
    author    = "Donald Knuth",
    title     = "Knuth: Computers and Typesetting",
    url       = "http://www-cs-faculty.stanford.edu/~uno/abcde.html",
}
